2618 4770
288 593 364 663 Dr
410 591 763 662 Bnnrtsrteo‘
929 612 1003 681 t„

107 675 202 773 quod
220 706 417 787 preceptum
435 693 500 762 Dei
519 686 694 788 posrtivurn
714 710 776 787 pto
789 680 940 784 quolibet
961 695 1012 761 in-

106 779 205 853 stanti
215 809 283 857 non
297 787 444 888 obligat,
464 786 518 860 sed
536 814 627 860 cetto
644 790 818 858 dumtaxat
837 809 1011 884 temporor

107 903 213 975 quate
227 882 341 959 violati
358 891 512 988 praecepti
536 890 592 960 iile
618 911 689 958 teus
707 883 837 959 taottim
854 884 1015 973 habetur,

108 983 359 1081 quandopraece
383 1013 451 1059 tum
461 1014 535 1074 non,
544 987 693 1059 observat
709 1013 779 1082 quo
800 1008 947 1084 ternpore
965 1012 1017 1059 te·

108 1101 208 1155 netur
216 1083 298 1157 illud
310 1015 494 1160 observare.
517 1093 676 1160 Econtrr
692 1088 785 1185 quod
810 1082 1020 1159 necessarium

109 1180 159 1252 est
169 1184 352 1260 necestitate
361 1184 508 1260 absoluti
522 1180 557 1260 &
569 1190 693 1273 medii,
716 1187 842 1284 semper
856 1184 995 1284 obligat.

174 1285 311 1358 Instabis
334 1301 395 1360 2⁰·
416 1291 521 1376 Quod
543 1283 752 1379 necessarium
773 1288 818 1361 est
835 1286 1020 1361 necestitate

107 1385 214 1455 medii
233 1438 245 1470 ,
261 1384 570 1488 nusquamsuppleti
584 1388 709 1489 potestr
735 1392 772 1460 in
793 1410 1029 1461 eononexcu·

107 1474 162 1550 sat
172 1505 226 1554 aut
235 1489 420 1585 ignorantia
439 1541 450 1573 ,
475 1493 756 1589 tutintpotentiat
777 1484 844 1559 fine
853 1512 895 1560 eo
915 1511 951 1558 re
972 1505 1028 1560 aut

109 1601 198 1652 voto
212 1581 324 1657 saltent
336 1611 492 1688 percepto
505 1584 712 1662 salushaberi
729 1613 797 1661 non
815 1588 921 1686 potest
945 1612 956 1658 t
976 1609 1029 1657 at·

110 1685 174 1775 qui
184 1684 256 1756 talis
269 1712 337 1758 non
347 1693 392 1760 cst
410 1687 611 1787 Baptismus,
633 1688 775 1787 suppleti
785 1692 909 1760 etenim
922 1687 1031 1786 potest
1129 1763 1133 1795 Ι

113 1793 373 1881 permanytiurn
395 1789 623 1888 &perfectam
644 1793 880 1861 contritionem
899 1813 913 1865 r
932 1793 968 1858 in
984 1811 1027 1856 eo

111 1879 245 1954 eircusat
257 1891 467 1986 ignorantia,
487 1913 542 1961 aut
551 1894 748 1993 impotentia
769 1914 779 1959 t
806 1893 864 1983 qui
874 1888 963 1958 enim
973 1907 1028 1956 aut

111 1978 352 2062 invincibiliter
367 1991 531 2088 ignoraret
543 1993 733 2061 mandatum
746 1995 780 2060 &
792 1988 1030 2059 institutionem
1079 2069 1082 2076 Ι

116 2082 300 2180 Baptistni,
324 2112 379 2161 aut
390 2095 424 2160 in
435 2093 474 2161 iis
495 2085 571 2162 esset
592 2091 745 2190 angustiis
756 2093 791 2160 in
808 2085 927 2182 quibus
946 2111 1024 2157 eunt
1093 2098 1094 2103 ’

115 2201 191 2251 nott
205 2182 307 2281 posset
321 2194 488 2289 percipere
508 2245 520 2277 ,
548 2189 597 2260 issi
609 2185 916 2289 profestodesectus
940 2190 1026 2284 Bap-

107 2275 207 2352 „cisni
217 2287 258 2355 ad
269 2288 399 2386 culpam
410 2315 477 2361 non
487 2292 712 2389 imputaretur.
733 2291 836 2390 igitur
856 2284 923 2359 fine
935 2311 978 2360 eo
993 2310 1029 2364 te

117 2403 299 2484 percepto,
317 2387 387 2460 imo
399 2394 435 2461 &
450 2385 516 2461 fine
529 2386 627 2490 ipsius
639 2414 720 2462 voto
730 2414 767 2459 ac
787 2384 946 2460 desiderio
968 2410 1029 2485 po·

120 2480 267 2579 testquis
282 2484 389 2559 salvus
407 2484 468 2559 esse
489 2519 498 2562 :
526 2494 584 2587 qui
604 2494 692 2562 enim
710 2486 794 2562 nihil
819 2512 967 2583 unquam
988 2486 1029 2557 de

123 2577 198 2680 lege
209 2586 361 2684 Baptismi
373 2587 570 2676 audivisset,
589 2616 626 2662 ac
636 2588 797 2663 laboraret
808 2589 845 2658 ei
866 2595 900 2658 in
922 2613 955 2658 te
976 2589 1031 2656 in·

123 2683 278 2757 vincibili
301 2689 486 2788 ignorantis
512 2744 529 2783 ,Ι
550 2688 605 2762 ille
624 2692 714 2762 cette
739 2685 897 2786 Baptismi
913 2708 1031 2758 votum

124 2775 181 2855 seu
194 2783 386 2863 desideriunt
396 2788 511 2864 elicere
526 2814 627 2889 nonp
651 2787 730 2863 sset:
751 2784 897 2869 sttatnen
913 2795 1032 2865 Deum

126 2875 222 2982 supet
231 2887 510 2962 omniacharitate
520 2887 608 2987 perse
645 2884 1034 3003 adiligatfflutitaeter·

126 3006 179 3101 ptr
194 2995 352 3090 particeps
366 2994 440 3062 erit.
462 2987 607 3062 Infantes
616 2992 735 3091 paritet
748 2985 846 3084 hujus
862 2982 934 3057 toti
960 2979 1034 3058 sum

125 3100 314 3187 ln'capaces.
896 3120 898 3124 ·

177 3193 291 3284 Major
301 3194 483 3291 argumenti
495 3185 663 3261 manifesta
681 3183 809 3261 videtur
827 3185 864 3255 in
880 3176 1035 3353 exemplo
1168 3258 1171 3263 ,

129 3276 376 3390 fideiocgnnae
398 3290 661 3376 sortitionis,
684 3309 757 3383 quae
772 3281 911 3382 suppleri
926 3307 971 3354 nu
1000 3290 1042 3352 a·’

131 3401 226 3465 tenus
235 3389 391 3490 possunt,
413 3401 449 3465 &
461 3389 526 3465 sine
536 3389 656 3490 quibus
665 3412 699 3460 te
710 3389 870 3486 perceptis
880 3381 962 3455 salus
971 3377 1037 3452 ob·

130 3492 229 3564 tincti
243 3518 312 3566 non
322 3493 427 3590 potest
441 3521 453 3572 ς
473 3497 551 3590 quia
560 3489 682 3563 scilicet
694 3480 872 3562 necessaria
887 3479 962 3559 sunt
978 3504 1038 3553 ne-

131 3591 274 3668 cessitate
285 3594 408 3678 medii,
432 3589 485 3665 stu
499 3590 661 3664 absoluti·
912 3646 922 3661 .

184 3694 340 3794 Respad
357 3698 530 3792 primum,
553 3694 719 3787 distinguo
739 3712 750 3756 ε
775 3683 881 3777 Qiod
899 3673 1043 3753 neccssa-

133 3802 221 3875 rium
235 3799 280 3868 est
293 3792 476 3868 necessitate
487 3795 610 3888 medii,
633 3785 776 3886 suppleti
788 3808 858 3856 non
873 3779 977 3882 potest
988 3800 1045 3876 pet

133 3905 225 3979 aliud
239 3893 293 3984 ,fi
312 3894 350 3968 fit
370 3896 515 3966 medium
535 3897 700 3964 internum
720 3881 853 3969 salutis,
871 3878 977 3978 qualit
996 3876 1042 3947 cst

132 4003 213 4084 fides
229 4007 263 4081 ot
288 4000 394 4102 grath
407 3990 613 4071 sanoifirns
626 3981 842 4160 ’‘⁰⁰“dm1i
854 3976 1050 4179 isppjntediurn
