2618 4770
328 100 405 169 Dr
467 97 821 167 Banrrsruo.
962 119 1023 179 1²9

120 196 178 266 titi
202 200 392 269 concedunt
406 200 600 266 recentiores
620 194 754 265 Lutheri
774 202 809 262 ὃ(
822 190 1027 262 Calvinidis-

119 295 242 393 cipuli,
267 322 468 395 quamquam
496 298 637 365 eundem
653 291 745 367 suisle
765 292 878 364 naturi
901 299 937 361 δε
955 290 1031 362 sub-

119 396 235 472 stantii
247 396 445 498 pertinacius
461 397 675 467 contendant.

356 552 613 646 scholasticorum
632 556 798 652 opiniones.
942 567 948 591 ‘
971 604 974 611 -

164 688 259 758 Inter
276 681 498 756 Scholasticos

172 785 333 882 Magister
346 788 588 857 Sententiarum
604 787 644 854 L·
658 808 699 871 4.
720 783 794 854 diss.
809 803 846 856 ι.
865 780 973 855 litteti
992 788 1029 859 F·

114 878 287 982 distinguit
296 885 365 956 duo
373 908 491 983 genera
500 881 918 983 baptisatonrmalJoanne:
929 909 1032 957 unum

113 987 352 1081 eorumquiin
370 982 536 1083 Baptismo
555 987 701 1064 ,loannis
722 981 809 1081 spem
824 984 911 1054 suam
922 1011 1030 1083 pone·

115 1076 224 1169 bant,
243 1106 304 1157 nec
318 1079 563 1189 cognoscebant
581 1081 742 1181 Spiritum
752 1079 898 1154 sancium
919 1138 930 1168 ,
949 1093 986 1157 &
1005 1089 1029 1158 ii

116 1180 243 1255 Christi
267 1180 458 1281 baptismate
479 1181 614 1254 subinde
646 1180 798 1283 baptisari
821 1182 1028 1264 debuerunt·,

112 1281 254 1355 alterum
266 1307 382 1356 eorum
392 1337 404 1371 ,
414 1287 475 1380 qui
490 1279 581 1380 spent
595 1282 683 1353 suam
696 1289 730 1354 in
751 1281 1032 1382 BaptismoJonn·

110 1386 165 1455 nie
176 1406 248 1454 non
257 1382 488 1469 collocabant,
502 1389 537 1454 ὅ(
550 1385 701 1470 Patrem,
714 1380 855 1472 Filium,
874 1405 911 1451 ac
923 1388 1029 1480 Spiri-

113 1500 187 1555 mm
200 1483 349 1557 sanstum
368 1479 568 1568 credebant,
596 1488 655 1578 qui
672 1480 740 1553 alio
767 1509 837 1556 non
857 1483 1030 1583 indiguere

111 1582 303 1684 Baptismo,
333 1606 393 1653 nec
403 1588 502 1655 eriam
513 1583 625 1683 postea
643 1579 794 1680 baptisati
819 1584 904 1653 suot.
931 1589 1030 1656 Hanc

110 1684 267 1784 Megillri
277 1679 469 1754 sententiam
480 1682 647 1754 recensens
657 1680 763 1755 s.Th.
778 1709 810 1773 ς.
820 1706 909 1783 parte
920 1709 978 1780 ς.)
988 1688 1026 1756 8.

107 1781 1029 1883 art06.eanr,quanttimadsecundampartem,vocatpe·
1080 1855 1083 1863 ,

108 1889 203 1956 nitus
217 1880 494 1956 irrationabilem:
506 1890 542 1954 &
565 1882 728 1955 verocum
739 1886 888 1982 Magistri
898 1883 1029 1983 placitis

107 1979 277 2069 nonsatis
295 1987 425 2056 videtur
435 1980 620 2069 coherere,
636 1987 759 2107 quipge
772 1989 832 2080 qui
850 1985 966 2055 eidem
974 1986 1029 2058 di·

107 2084 290 2159 siinffione
300 2081 409 2156 litteral
422 2088 517 2157 00&
531 2088 569 2157 Ε.
591 2085 739 2182 expresse
761 2077 878 2156 'doceat
901 2082 1030 2181 Baptis-

107 2206 207 2258 mum
219 2187 362 2283 Joannis
375 2207 445 2254 non
454 2180 626 2255 contulisse
638 2186 892 2281 gratiamneque
911 2206 1031 2280 pecca·

105 2304 226 2359 torm
243 2280 471 2355 remissionem.
507 2284 768 2356 Distinffionem
796 2283 881 2354 hanc
909 2306 1025 2353 eorum

106 2386 173 2484 qui
185 2379 499 2484 BaptismoJoannir
519 2385 615 2455 tiocli
633 2380 787 2468 fuerant,
807 2384 937 2454 viderur
949 2385 1029 2453 Ma·

104 2486 211 2589 gistet
225 2476 361 2556 hausisse
377 2482 418 2555 ab
433 2485 587 2577 Antiquis
606 2479 778 2552 nonnullis
794 2532 805 2564 ‚
820 2486 878 2577 qui
889 2503 1031 2552 conten·
1151 2542 1159 2547 ..

110 2588 268 2662 dunteos
282 2607 367 2679 quos
393 2586 430 2655 8.
446 2581 566 2654 Paulus
585 2578 672 2681 jussu
688 2577 840 2679 baptisari
860 2585 940 2654 nu.
963 2604 1026 2672 ¹9·

111 2711 188 2761 non
206 2678 303 2756 fuisse
314 2706 394 2752 vero
406 2678 574 2781 Baptismo
589 2686 611 2763 J
615 2685 732 2752 oannis
741 2678 830 2780 priris
838 2676 1026 2780 baptisatus.

161 2779 330 2862 Nonnulli
342 2783 564 2855 existimarunt
579 2779 777 2880 Baptismum
787 2776 1026 2882 Joannirfuisse

113 2909 231 2961 verum
260 2890 507 2956 Sacramentum
530 2934 543 2968 ,
563 2884 684 2978 quod,
709 2884 802 2982 juxta
825 2881 1022 2953 Durandutn

112 3012 149 3087 q.
177 3011 212 3077 ς.
231 2984 272 3055 ad
295 3003 439 3055 ueterem
464 2988 588 3082 Legem
606 2985 761 3078 pertinuit
781 3008 793 3059 3
823 2983 916 3078 juxta
936 2981 1018 3053 vero

115 3090 152 3161 S.
179 3092 447 3158 Bonaventuram
464 3083 500 3151 in
517 3107 558 3169 4.
585 3083 658 3154 dist.
676 3109 716 3155 a.
735 3106 796 3153 att.
817 3113 849 3155 a·
875 3105 911 3176 q·
925 3110 958 3157 a·
979 3089 1017 3154 δι

118 3185 335 3262 &rhomam
354 3186 388 3251 in
401 3207 442 3269 4.
465 3181 540 3253 dist.
555 3207 586 3255 2·
605 3207 641 3278 q·
663 3213 693 3257 ι.
711 3205 772 3253 art.
795 3207 826 3253 r.
847 3204 955 3278 neque
976 3185 1020 3252 od

115 3308 259 3361 veterem
270 3304 378 3379 neque
389 3285 430 3351 ad
444 3306 565 3352 novam
578 3287 699 3380 legem
712 3279 822 3352 referri
832 3277 929 3350 debet
939 3334 951 3367 ‚
962 3277 1018 3351 sed

105 3374 260 3459 'uenum
277 3383 454 3478 quemdam
464 3385 548 3453 inter
557 3404 729 3477 utramque
738 3381 850 3452 locum
862 3401 1014 3475 occupat.

115 3484 242 3561 Abhac
257 3505 368 3553 tamen
384 3477 676 3555 sententiireceffit
694 3478 874 3581 Angelicua
886 3483 1016 3556 Docet

217 3585 463 3688 DeBapcismo.
877 3584 895 3650 1
