2618 4770
208 651 277 721 Da
318 649 835 723 continuationi.
927 669 1010 747 445

106 747 191 818 sioni
206 802 216 832 ,
239 769 357 844 nempe
368 769 402 816 ut
413 750 538 818 muniat
548 770 630 831 nos,
646 743 843 835 confirmet,
858 745 1016 836 roboret,

108 847 269 942 perficiar.
304 853 354 917 lta
376 849 536 944 imprimis
556 849 796 944 &Cyprianus
815 849 955 947 loquens
975 852 1015 920 de

106 948 309 1025 Eucharistii
321 945 470 1045 Epistolis
486 973 549 1041 54.
565 953 600 1016 &
615 962 679 1039 56.

158 1049 258 1146 Resp.
271 1073 358 1145 nego
370 1071 436 1117 ant.
464 1050 577 1117 Gratia
589 1050 714 1145 quippe
724 1043 926 1149 baptismalis
942 1071 1019 1146 gra·

109 1150 157 1219 tia
178 1151 222 1218 est
239 1148 465 1218 innovationis
486 1201 497 1232 ,
519 1145 686 1218 filiationis
708 1152 743 1218 &
765 1151 1021 1245 regenerationis

109 1254 194 1322 atati
207 1245 351 1319 insimili
377 1248 653 1317 accommodata:
672 1251 777 1344 gratia
800 1246 1020 1321 Eucharistica

110 1350 155 1419 eli
165 1353 267 1448 gratia
277 1351 444 1446 augmenti
454 1353 596 1445 perlonae
606 1343 813 1446 spiritualiter
830 1351 1024 1448 provesin,

110 1451 151 1518 ad
162 1452 353 1546 reparandas
362 1454 447 1520 vires
460 1450 573 1517 animae
585 1442 763 1544 spirituales
782 1471 839 1548 per
857 1451 1023 1545 quotidia.

112 1573 173 1619 nos
194 1549 299 1648 lapsus
323 1551 513 1620 imminutas
532 1554 568 1619 δε
587 1544 798 1618 debilitans:
818 1556 921 1649 gtatia
940 1549 1022 1622 vei⁸o

109 1648 357 1720 confirmatoria
376 1649 421 1718 est
440 1651 543 1747 gratia
559 1645 734 1720 roboris&
757 1651 886 1722 virtutis
904 1646 1027 1748 speciae

111 1747 175 1835 lis,
194 1753 234 1819 ad
244 1773 359 1820 omnes
374 1750 488 1819 mundi
498 1771 533 1817 ac
553 1751 710 1818 daemonis
728 1753 924 1819 tentationes
936 1773 1020 1821 con·

113 1871 162 1918 tra
176 1847 482 1947 fidemsupetandas
502 1850 674 1919 dellinata.
695 1853 747 1920 lta
770 1849 967 1921 &Thomas
989 1877 1021 1944 3.

113 1973 196 2050 part.
208 1975 266 2044 qu.
285 1973 350 2037 79.
363 1973 424 2020 att.
441 1979 471 2020 i.
485 1950 524 2019 ad
536 1952 694 2046 primum·
805 2022 809 2033 ,

165 2042 1026 2145 Objicitdenique,multumimmutatamsuislesub-

115 2145 323 2246 sequentibus
346 2150 469 2220 saeculis
494 2153 689 2245 unslionem
712 2144 1024 2221 confirmatoriam:

116 2251 296 2323 olimeiiim
307 2247 509 2349 precedebat
520 2246 637 2319 maniis
646 2245 917 2347 impositionem,
938 2271 1027 2322 nunc

116 2347 259 2447 sequitur
275 2378 284 2421 ε
307 2349 389 2422 olim
400 2348 601 2422 Eucharistiae
610 2349 682 2448 post
697 2346 1027 2437 Confirmationem,

116 2477 207 2521 nono
235 2447 350 2522 seculo
395 2449 590 2550 plerumque
622 2473 698 2520 ante
724 2448 1028 2523 confirmationem

115 2546 359 2622 conferebatur.

167 2650 270 2743 Relp.
308 2659 356 2716 i·.
378 2673 446 2716 noii
464 2646 537 2717 satis
549 2672 588 2719 ex
604 2643 769 2719 veteribus
779 2651 1028 2738 monumentis,

124 2767 304 2839 antequam
316 2751 471 2839 prodierit
483 2750 580 2816 Liber
592 2751 880 2818 sacramentorum
898 2749 933 2817 S·
949 2752 1028 2820 Gre-

120 2850 207 2940 gorii
227 2853 260 2914 &
283 2847 379 2914 Ordo
395 2850 591 2929 Romanus,
619 2845 766 2915 constite
784 2895 796 2927 ,
815 2869 883 2939 quo
908 2855 1023 2940 piaci-

118 2947 154 3012 se
164 2947 280 3015 ordine
300 2952 427 3014 daretut
452 2950 590 3028 unelio,
612 2971 654 3012 an
675 2949 768 3041 poll,
785 2967 827 3012 an
844 2943 925 3014 vetii
948 2973 1023 3019 ante

117 3048 361 3140 impositionem
391 3046 520 3115 mansis·
554 3056 610 3117 2⁰·
637 3042 797 3137 ejusmodi
824 3054 1022 3120 mutationes

118 3141 207 3214 leves
219 3147 397 3216 admodum
407 3143 469 3216 elle
481 3155 517 3216 δι
529 3145 774 3232 indifferentes,
798 3168 870 3238 qiiae
882 3149 927 3214 rei
945 3144 1022 3219 sub·

118 3247 268 3316 stantiam
279 3272 346 3315 nun
359 3253 546 3346 attingunt,
562 3245 615 3317 leil
628 3243 808 3343 simplicem
821 3247 956 3315 modum
968 3248 1022 3321 seu

119 3343 1023 3442 titum&caeremoniamaadeoquesalviremanenteSaq

117 3455 275 3517 ciainenti
293 3450 388 3538 hujus
401 3446 572 3519 substania
583 3500 595 3532 ,
613 3445 1025 3522 nonnihilmutati'onisin·

118 3547 196 3617 duci
212 3555 318 3647 potuit
331 3556 418 3619 cirea
428 3549 631 3647 disciplinam
646 3547 697 3617 seu
714 3545 940 3621 modrimillud
964 3553 1024 3622 ad·

117 3651 335 3734 ministrandi,
345 3652 436 3744 quod
446 3657 480 3720 δι
490 3653 523 3719 in
535 3645 605 3720 aliis
616 3649 845 3728 sacramentis,
859 3652 1023 3746 Baptismo

118 3754 293 3847 ptaeleiri'm
305 3759 338 3820 &
353 3748 757 3848 Eucharistii,contigrlse‚
770 3772 810 3817 ne
820 3747 876 3847 ipsi
888 3756 1025 3846 quidem

120 3872 242 3948 negare
261 3854 381 3921 audent
401 3851 600 3923 Novatoies.
632 3842 809 3947 Baptismus
833 3855 920 3919 enim
940 3854 1025 3923 olim

122 3950 243 4047 triplici
253 3947 458 4023 immersione
471 3948 700 4023 conserebatur
710 4008 721 4039 ,
731 3974 818 4023 nunc
838 3948 1021 4025 infusione:

125 4051 327 4128 Eucharistia
345 4048 528 4129 infantibus
547 4052 707 4143 dabatur,
724 4074 811 4125 nunc
831 4052 1021 4154 denegatum
